@book{1,
    title = {Matemática discreta},
    author = {Francesc Comellas-Josep Fàbrega-Anna Sànchez-Oriol Serra},
    isbn = {84-8301-456-4},
    year = {2001},
    publisher = {Edicions UPC}
}
@article{2,
    author = {Richard Stanley},
    title = {18.314 Combinatorial Analysis},
    url = {https://ocw.mit.edu},
    journal = {Massachusetts Institute of Technology: MIT OpenCourseWare},
    year = {2014},
}
@article{3,
    author = {Chad Casarotto},
    title = {Graph Theory and Cayley’s Formula},
    url = {https://www.math.uchicago.edu/~may/VIGRE/VIGRE2006/PAPERS/Casarotto.pdf},
    journal = {The University of Chicago},
    year = {2006},
}
@article{4,
    author = {Mercè Mora},
    title = {Apunts de Matemàtica Discreta},
    url = {https://www.math.uchicago.edu/~may/VIGRE/VIGRE2006/PAPERS/Casarotto.pdf},
    journal = {Facultat de Matemàtiques i Estadística de la UPC},
    year = {2012},
}
@online{5,
    author = "Raúl Ibáñez",
    title = "Una bella demostración del LIBRO",
    url  = "https://culturacientifica.com/2017/02/08/una-bella-demostracion-del-libro/",
    addendum = "(accedit: 03.01.2021)",
}
@book{6,
    title = {Grafos: fundamentos y algoritmes},
    author = {Eduardo Moreno-Héctor Ramirez},
    isbn = {978-956-306-076-8},
    year = {2011},
    publisher = {Ebooks Patagonia}
}
@article{7,
    author = {Ramon Masià-Jaume Pujol-Josep Rifà-Mercè Villanueva},
    title = {Matemàtica Discreta},
    url = {www.uoc.edu},
    year = {2007},
}
@online{8,
    title = "Kruskal's Algorithm",
    url  = "https://www.programiz.com/dsa/kruskal-algorithm",
    addendum = "(accedit: 05/01/2021)",
}
@online{9,
    title = "Laplacian matrix",
    url  = "https://en.wikipedia.org/wiki/Laplacian_matrix",
    addendum = "(accedit: 05/01/2021)",
}
@online{10,
    title = "Incidence matrix",
    url  = "https://en.wikipedia.org/wiki/Incidence_matrix",
    addendum = "(accedit: 05/01/2021)",
}
@online{11,
    title = "Kruskal's Algorithm",
    url  = "https://en.wikipedia.org/wiki/Kruskal\%27s_algorithm",
    addendum = "(accedit: 03/01/2021)",
}
@online{12,
    title = "Prim's Algorithm",
    url  = "https://en.wikipedia.org/wiki/Prim\%27s_algorithm",
    addendum = "(accedit: 03/01/2021)",
}